<record xmlns="http://www.loc.gov/MARC21/slim" xmlns:xsi="http://www.w3.org/2001/XMLSchema-instance" xsi:schemaLocation="http://www.loc.gov/MARC21/slim http://www.loc.gov/standards/marcxml/schema/MARC21slim.xsd"><leader>01509nam a2200325   4500</leader><controlfield tag="001">001680562</controlfield><controlfield tag="003">NNU</controlfield><controlfield tag="006">m        d        </controlfield><controlfield tag="007">cr cn |||m|||a</controlfield><controlfield tag="008">150110s1970    iq      o     000 0 ara d</controlfield><datafield ind1=" " ind2=" " tag="040"><subfield code="a">NNU</subfield><subfield code="b">eng</subfield><subfield code="c">NNU</subfield></datafield><datafield ind1="1" ind2=" " tag="100"><subfield code="6">880-01</subfield><subfield code="a">&#699;Abd al-Wa&#772;h&#803;id, &#699;Abd al-Razza&#772;q.</subfield></datafield><datafield ind1="1" ind2="0" tag="245"><subfield code="6">880-02</subfield><subfield code="a">Awra&#772;q &#699;ala&#769; ras&#803;i&#772;f al-dha&#772;kirah</subfield><subfield code="h">[electronic resource] /</subfield><subfield code="c">&#699;Abd al-Razza&#772;q &#699;Abd al-Wa&#772;h&#803;id.</subfield></datafield><datafield ind1=" " ind2=" " tag="250"><subfield code="6">880-03</subfield><subfield code="a">al-T&#803;ab&#699;ah 1.</subfield></datafield><datafield ind1=" " ind2=" " tag="260"><subfield code="6">880-04</subfield><subfield code="a">[Baghda&#772;d :</subfield><subfield code="b">Mat&#803;ba&#699;at al-Adi&#772;b al-Baghda&#772;di&#772;yah,</subfield><subfield code="c">1970]</subfield></datafield><datafield ind1=" " ind2=" " tag="300"><subfield code="a">online resource (250 p.)</subfield></datafield><datafield ind1=" " ind2=" " tag="500"><subfield code="a">Poems.</subfield></datafield><datafield ind1=" " ind2=" " tag="500"><subfield code="a">Errata slip inserted.</subfield></datafield><datafield ind1=" " ind2=" " tag="500"><subfield code="a">Part of the Arabic Collections Online (ACO) project, contributed by New York Univeristy Libraries.</subfield></datafield><datafield ind1=" " ind2=" " tag="533"><subfield code="a">Electronic reproduction.</subfield><subfield code="b">New York, N.Y. :</subfield><subfield code="c">New York University,</subfield><subfield code="d">2015.</subfield><subfield code="5">NNU</subfield></datafield><datafield ind1="2" ind2=" " tag="710"><subfield code="a">New York University.</subfield><subfield code="b">Libraries.</subfield></datafield><datafield ind1="0" ind2=" " tag="730"><subfield code="a">Arabic Collections Online.</subfield></datafield><datafield ind1="0" ind2="8" tag="776"><subfield code="i">Print version:</subfield><subfield code="a">&#699;Abd al-Wa&#772;h&#803;id, &#699;Abd al-Razza&#772;q.</subfield><subfield code="t">Awra&#772;q &#699;ala&#769; ras&#803;i&#772;f al-dha&#772;kirah</subfield><subfield code="w">(NNU)001680562</subfield></datafield><datafield ind1="4" ind2="0" tag="856"><subfield code="u">http://hdl.handle.net/2333.1/s4mw6p5w</subfield></datafield><datafield ind1="1" ind2=" " tag="880"><subfield code="6">100-01/</subfield><subfield code="a">&#1593;&#1576;&#1583; &#1575;&#1604;&#1608;&#1575;&#1581;&#1583;&#1548; &#1593;&#1576;&#1583; &#1575;&#1604;&#1585;&#1586;&#1575;&#1602;.</subfield></datafield><datafield ind1="1" ind2="0" tag="880"><subfield code="6">245-02/</subfield><subfield code="a">&#1575;&#1608;&#1585;&#1575;&#1602; &#1593;&#1604;&#1609; &#1585;&#1589;&#1610;&#1601; &#1575;&#1604;&#1584;&#1575;&#1603;&#1585;&#1577; /</subfield><subfield code="c">&#1593;&#1576;&#1583; &#1575;&#1604;&#1585;&#1586;&#1575;&#1602; &#1593;&#1576;&#1583; &#1575;&#1604;&#1608;&#1575;&#1581;&#1583;.</subfield></datafield><datafield ind1=" " ind2=" " tag="880"><subfield code="6">250-03/</subfield><subfield code="a">&#1575;&#1604;&#1591;&#1576;&#1593;&#1577; 1.</subfield></datafield><datafield ind1=" " ind2=" " tag="880"><subfield code="6">260-04/</subfield><subfield code="a">[&#1576;&#1594;&#1583;&#1575;&#1583; :</subfield><subfield code="b">&#1605;&#1591;&#1576;&#1593;&#1577; &#1575;&#1604;&#1575;&#1583;&#1610;&#1576; &#1575;&#1604;&#1576;&#1594;&#1583;&#1575;&#1583;&#1610;&#1577;&#1548;</subfield><subfield code="c">1970]</subfield></datafield><datafield ind1=" " ind2=" " tag="959"><subfield code="a">NNU</subfield><subfield code="b">WEB</subfield><subfield code="c">GENI</subfield><subfield code="t">0</subfield><subfield code="m">Electronic access</subfield><subfield code="s">01</subfield></datafield><datafield ind1=" " ind2=" " tag="999"><subfield code="i">NNU_001680562</subfield><subfield code="o" /></datafield></record>